@book{Aho:72,
  author    = {Alfred V. Aho and Jeffrey D. Ullman},
  title     = {The Theory of Parsing, Translation and Compiling},
  year      = {1972},
  volume    = {1},
  publisher = {Prentice-Hall},
  address   = {Englewood Cliffs, NJ}
}

@book{APA:83,
  author    = {{American Psychological Association}},
  title     = {Publications Manual},
  year      = {1983},
  publisher = {American Psychological Association},
  address   = {Washington, DC}
}

@article{Chandra:81,
  author  = {Ashok K. Chandra and Dexter C. Kozen and Larry J. Stockmeyer},
  year    = {1981},
  title   = {Alternation},
  journal = {Journal of the Association for Computing Machinery},
  volume  = {28},
  number  = {1},
  pages   = {114--133},
  doi     = {10.1145/322234.322243}
}

@inproceedings{andrew2007scalable,
  title     = {Scalable training of {L1}-regularized log-linear models},
  author    = {Andrew, Galen and Gao, Jianfeng},
  booktitle = {Proceedings of the 24th International Conference on Machine Learning},
  pages     = {33--40},
  year      = {2007}
}

@book{Gusfield:97,
  author    = {Dan Gusfield},
  title     = {Algorithms on Strings, Trees and Sequences},
  year      = {1997},
  publisher = {Cambridge University Press},
  address   = {Cambridge, UK}
}

@article{rasooli-tetrault-2015,
  author  = {Mohammad Sadegh Rasooli and Joel R. Tetreault},
  title   = {Yara Parser: {A} Fast and Accurate Dependency Parser},
  journal = {Computing Research Repository},
  volume  = {arXiv:1503.06733},
  year    = {2015},
  url     = {http://arxiv.org/abs/1503.06733},
  note    = {version 2}
}

@article{Ando2005,
  acmid      = {1194905},
  author     = {Ando, Rie Kubota and Zhang, Tong},
  issn       = {1532-4435},
  issue_date = {12/1/2005},
  journal    = {Journal of Machine Learning Research},
  month      = dec,
  numpages   = {37},
  pages      = {1817--1853},
  publisher  = {JMLR.org},
  title      = {A Framework for Learning Predictive Structures from Multiple Tasks and Unlabeled Data},
  volume     = {6},
  year       = {2005}
}


% --------

@misc{mikolov2013efficient,
  title         = {Efficient Estimation of Word Representations in Vector Space},
  author        = {Tomas Mikolov and Kai Chen and Greg Corrado and Jeffrey Dean},
  year          = {2013},
  eprint        = {1301.3781},
  archiveprefix = {arXiv},
  primaryclass  = {cs.CL}
}

@misc{hinton2012improving,
  title         = {Improving neural networks by preventing co-adaptation of feature detectors},
  author        = {Geoffrey E. Hinton and Nitish Srivastava and Alex Krizhevsky and Ilya Sutskever and Ruslan R. Salakhutdinov},
  year          = {2012},
  eprint        = {1207.0580},
  archiveprefix = {arXiv},
  primaryclass  = {cs.NE}
}

@inproceedings{pennington2014glove,
  added-at = {2016-02-18T12:02:38.000+0100},
  author = {Pennington, Jeffrey and Socher, Richard and Manning, Christopher D},
  biburl = {https://www.bibsonomy.org/bibtex/2a6e77a38c13e374ab250e13ae22993ec/thoni},
  booktitle = {EMNLP},
  interhash = {29813227df1eea94efa14c7df2b5553a},
  intrahash = {a6e77a38c13e374ab250e13ae22993ec},
  keywords = {deeplearning deepwiki glove semantic},
  pages = {1532--1543},
  timestamp = {2016-09-06T08:23:07.000+0200},
  title = {Glove: Global Vectors for Word Representation.},
  volume = 14,
  year = 2014
}
